<record><leader>00000cas a2200000 a 4500</leader><controlfield tag="001">30431181</controlfield><controlfield tag="008">940513c19uu9999iluqr ne      0   a0eng c</controlfield><datafield ind1=" " ind2=" " tag="010"><subfield code="a">sn 98065035 </subfield></datafield><datafield ind1=" " ind2=" " tag="040"><subfield code="a">CGP</subfield><subfield code="b">eng</subfield><subfield code="c">CGP</subfield><subfield code="d">CVF</subfield><subfield code="d">OCL</subfield><subfield code="d">CVF</subfield><subfield code="d">NVF</subfield><subfield code="d">OCLCQ</subfield><subfield code="d">NVF</subfield><subfield code="d">OCLCO</subfield><subfield code="d">OCLCF</subfield><subfield code="d">OCLCO</subfield></datafield><datafield ind1="1" ind2=" " tag="029"><subfield code="a">AU@</subfield><subfield code="b">000014355938</subfield></datafield><datafield ind1=" " ind2=" " tag="042"><subfield code="a">pcc</subfield></datafield><datafield ind1=" " ind2=" " tag="043"><subfield code="a">n-us-il</subfield></datafield><datafield ind1="0" ind2="0" tag="245"><subfield code="a">Minority entrepreneur.</subfield></datafield><datafield ind1=" " ind2=" " tag="260"><subfield code="a">Chicago, Ill. :</subfield><subfield code="b">Minority Entrepreneur</subfield></datafield><datafield ind1=" " ind2=" " tag="300"><subfield code="a">v. :</subfield><subfield code="b">ill. ;</subfield><subfield code="c">38 cm.</subfield></datafield><datafield ind1=" " ind2=" " tag="310"><subfield code="a">Quarterly,</subfield><subfield code="b">&lt;Spring 2002&gt;-</subfield></datafield><datafield ind1=" " ind2=" " tag="321"><subfield code="a">Monthly,</subfield><subfield code="b">Jan. 1990-&lt;July 1996&gt;</subfield></datafield><datafield ind1=" " ind2=" " tag="321"><subfield code="a">Bimonthly,</subfield><subfield code="b">&lt;Aug.-Sept. 1996&gt;</subfield></datafield><datafield ind1=" " ind2=" " tag="530"><subfield code="a">Preservation microfilmed in cooperation with the University of Illinois at Urbana-Champaign Library as part of the United States Newspaper Program; the years 1990-2002 (on 1 microfilm reel) are available for purchase from OCLC Preservation Service Centers.</subfield></datafield><datafield ind1=" " ind2=" " tag="588"><subfield code="a">Description based on: Vol. 5, no. 1 (Jan. 1990); title from masthead.</subfield></datafield><datafield ind1=" " ind2="0" tag="650"><subfield code="a">African Americans</subfield><subfield code="z">Illinois</subfield><subfield code="z">Cook County</subfield><subfield code="z">Chicago</subfield><subfield code="v">Newspapers.</subfield></datafield><datafield ind1=" " ind2="0" tag="650"><subfield code="a">African American businesspeople</subfield><subfield code="z">Illinois</subfield><subfield code="z">Cook County</subfield><subfield code="z">Chicago</subfield><subfield code="v">Newspapers.</subfield></datafield><datafield ind1=" " ind2="0" tag="651"><subfield code="a">Chicago (Ill.)</subfield><subfield code="v">Newspapers.</subfield></datafield><datafield ind1=" " ind2="0" tag="651"><subfield code="a">Cook County (Ill.)</subfield><subfield code="v">Newpsapers.</subfield></datafield><datafield ind1=" " ind2="7" tag="655"><subfield code="a">Newspapers.</subfield><subfield code="2">fast</subfield><subfield code="0">(OCoLC)fst01423814</subfield></datafield><datafield ind1=" " ind2="7" tag="650"><subfield code="a">African American businesspeople.</subfield><subfield code="2">fast</subfield><subfield code="0">(OCoLC)fst00799064</subfield></datafield><datafield ind1=" " ind2="7" tag="650"><subfield code="a">African Americans.</subfield><subfield code="2">fast</subfield><subfield code="0">(OCoLC)fst00799558</subfield></datafield><datafield ind1=" " ind2="7" tag="651"><subfield code="a">Illinois</subfield><subfield code="z">Chicago.</subfield><subfield code="2">fast</subfield><subfield code="0">(OCoLC)fst01204048</subfield></datafield><datafield ind1=" " ind2="7" tag="651"><subfield code="a">Illinois</subfield><subfield code="z">Cook County.</subfield><subfield code="2">fast</subfield><subfield code="0">(OCoLC)fst01205334</subfield></datafield><datafield ind1=" " ind2=" " tag="752"><subfield code="a">United States</subfield><subfield code="b">Illinois</subfield><subfield code="c">Cook</subfield><subfield code="d">Chicago.</subfield></datafield></record>